
@book{osborne2004introduction,
  title={An introduction to game theory},
  author={Osborne, Martin J and others},
  volume={3},
  year={2004},
  publisher={Oxford University Press New York}
}

@book{owen2013game,
  title={Game theory},
  author={Owen, Guillermo},
  year={2013},
  publisher={Emerald Group Publishing}
}

@book{fudenberg1991game,
  title={Game theory},
  author={Fudenberg, Drew and Tirole, Jean},
  year={1991},
  publisher={MIT press}
}

@book{StagHunt,
  title={The Stag Hunt and The Evolution of Social Structure},
  author={Brian Skyrms},
  year={2004},
  publisher={Cambridge University Press}
}

@book{kochenderfer2022algorithms,
  title={Algorithms For Decision Making},
  author={Kochenderfer, Mykel J and others},
  year={2022},
  publisher={MIT press}
}

@article{frean2022holds,
  title={Holds enable one-shot reciprocal exchange},
  author={Frean, Marcus and Marsland, Stephen},
  journal={Proceedings of the Royal Society B},
  volume={289},
  number={1980},
  pages={20220723},
  year={2022},
  publisher={The Royal Society}
}

@inproceedings{altman2006learning,
  title={Learning in one-shot strategic form games},
  author={Altman, Alon and Bercovici-Boden, Avivit and Tennenholtz, Moshe},
  booktitle={Machine Learning: ECML 2006: 17th European Conference on Machine Learning Berlin, Germany, September 18-22, 2006 Proceedings 17},
  pages={6--17},
  year={2006},
  organization={Springer}
}

@article{buffet2020heuristic,
  title={Heuristic search value iteration for zero-sum stochastic games},
  author={Buffet, Olivier and Dibangoye, Jilles and Saffidine, Abdallah and Thomas, Vincent},
  journal={IEEE Transactions on Games},
  volume={13},
  number={3},
  pages={239--248},
  year={2020},
  publisher={IEEE}
}

@article{djiguemde2022continuous,
  title={Continuous versus discrete time in dynamic common pool resource game experiments},
  author={Djiguemde, M and Dubois, Dimitri and Sauquet, Alexandre and Tidball, Mabel},
  journal={Environmental and Resource Economics},
  volume={82},
  number={4},
  pages={985--1014},
  year={2022},
  publisher={Springer}
}

@article{Bel,
  author = "Richard Bellman",
  title = "A Markovian Decision Process",
  journal = "Indiana Univ. Math. J.",
  fjournal = "Indiana University Mathematics Journal",
  volume = {6},
  year = {1957},
  issue = {4},
  pages = "679--684",
  issn = "0022-2518",
  coden = "IUMJAB"
}

@article{aumann1990nash,
  title={Nash equilibria are not self-enforcing},
  author={Aumann, Robert},
  journal={Economic decision making: Games, econometrics and optimisation},
  pages={201--206},
  year={1990},
  publisher={Amsterdam, Elsevier}
}

@inproceedings{burnett2010bootstrapping,
  title={Bootstrapping trust evaluations through stereotypes},
  author={Burnett, Chris and Norman, Timothy J and Sycara, Katia},
  booktitle={Proceedings of the 9th International Conference on Autonomous Agents and Multiagent Systems (AAMAS 2010)},
  year={2010},
  organization={International Foundation for Autonomous Agents and Multiagent Systems}
}

@article{fischer2011bystander,
  title={The bystander-effect: a meta-analytic review on bystander intervention in dangerous and non-dangerous emergencies.},
  author={Fischer, Peter and Krueger, Joachim I and Greitemeyer, Tobias and Vogrincic, Claudia and Kastenm{\"u}ller, Andreas and Frey, Dieter and Heene, Moritz and Wicher, Magdalena and Kainbacher, Martina},
  journal={Psychological bulletin},
  volume={137},
  number={4},
  pages={517},
  year={2011},
  publisher={American Psychological Association}
}
